% This file was created with JabRef 2.6.
% Encoding: Cp1252

@BOOK{chacon:2009,
  title = {{Pro Git}},
  publisher = {Apress},
  year = {2009},
  author = {Scott Chacon},
  month = {August},
  owner = {Administrador},
  timestamp = {2014.10.19}
}

@BOOK{maven:2014,
  title = {{Maven: The Definitive Guide}},
  publisher = {O'Reilly},
  year = {2014},
  author = {Sonatype Company},
  month = {August},
  owner = {Administrador},
  timestamp = {2014.10.19}
}

@BOOK{duvall:2007,
  title = {{Continuous Integration: Improving Software Quality and Reducing
	Risk}},
  publisher = {Addison Wesley},
  year = {2007},
  author = {Paul Duvall and Stephen M. Matyas and Nicholas Schneider and Mark
	Voit},
  owner = {Administrador},
  timestamp = {2014.10.19}
}

@TECHREPORT{ieee:828,
  author = {IEEE (The Institute of Electrical and Electronics Engineers)},
  title = {{Standard for Software Configuration Management Plans}},
  year = {2005},
  number = {IEEE Std 828-2005},
  month = {August}
}

@TECHREPORT{iso:14674,
  author = {ISO/IEC/IEEE},
  title = {{Software Engineering -- Software Life Cycle Processes -- Maintenance}},
  year = {2006},
  number = {International Standard ISO/IEC 14764:2006, IEEE Std 14764-2006},
  month = {September}
}

@BOOK{smart:2011,
  title = {{Jenkins: The Definitive Guide}},
  publisher = {O'Reilly},
  year = {2011},
  author = {John Ferguson Smart},
  month = {July},
  owner = {Administrador},
  timestamp = {2014.10.19}
}

@BOOK{sommerville:2010,
  title = {{Software Engineering}},
  publisher = {Addison Wesley},
  year = {2010},
  author = {Ian Sommerville},
  edition = {9},
  month = {April},
  owner = {Administrador},
  timestamp = {2014.10.19}
}

@BOOK{ieee:swebook,
  title = {{Guide to the Software Engineering Body of Knowledge}},
  publisher = {IEEE (The Institute of Electrical and Electronics Engineers)},
  year = {2004},
  editor = {Pierre Bourque and Robert Dupuis},
  key = {Bourque}
}

